@article{ipv:10,
  doi = {10.48550/ARXIV.1007.1412},
  url = {https://arxiv.org/abs/1007.1412},
  author = {Ioana, Adrian and Popa, Sorin and Vaes, Stefaan},
  keywords = {Operator Algebras (math.OA), Group Theory (math.GR), FOS: Mathematics, FOS: Mathematics},
  title = {A class of superrigid group von Neumann algebras},
  publisher = {arXiv},
  year = {2010},
  copyright = {arXiv.org perpetual, non-exclusive license}
}

@misc{borelequivnotes,
  url = {https://www.math.cmu.edu/~eschimme/Appalachian/ThomasNotes.pdf},
  author = {Thomas, Simon and Schneider, Scott},
  title = {Countable Borel Equivalence Relations},
  year = {2007}
}

@article{hoff:16,
  doi = {10.48550/ARXIV.1506.00588},
  url = {https://arxiv.org/abs/1506.00588},
  author = {Hoff, Daniel J.},
  keywords = {Operator Algebras (math.OA), Dynamical Systems (math.DS), FOS: Mathematics, FOS: Mathematics},
  title = {Von Neumann Algebras of Equivalence Relations with Nontrivial One-Cohomology},
  publisher = {arXiv},
  year = {2015},
  copyright = {arXiv.org perpetual, non-exclusive license}
}

@article{dSHH:21,
	doi = {10.2140/apde.2021.14.2269},
	url = {https://doi.org/10.2140%2Fapde.2021.14.2269},
	year = 2021,
	month = {nov},
	publisher = {Mathematical Sciences Publishers},
	volume = {14},
	number = {7},
	pages = {2269--2306},
	author = {Rolando de Santiago and Ben Hayes and Daniel J. Hoff and Thomas Sinclair},
	title = {Maximal rigid subalgebras of deformations and
		L2-cohomology},
	journal = {Analysis {PDE}}
}

@article{lupini:18,
	doi = {10.1017/s144678871800040x},
	url = {https://doi.org/10.1017%2Fs144678871800040x},
	year = 2018,
	month = {dec},
	publisher = {Cambridge University Press ({CUP})},
	volume = {108},
	number = {3},
	pages = {363--386},
	author = {Lupini, Martino},
	title = {A Von Neumann Algebra Characterization of Property T Groupoids},
	journal = {Journal of the Australian Mathematical Society}
}

@book{anatharaman:amenableGrpds,
	title={Amenable Groupoids},
	author={Anantharaman-Delaroche, C. and Renault, J.},
  	isbn={9782940264018},
  	series={LEnseignment mathematique},
  	url={https://books.google.com/books?id=HbQrAAAAYAAJ},
  	year={2000},
  	publisher={LEnseignement Mathematique}
}


@article{anatharaman:05,
	title={Cohomology of property T groupoids and applications}, 
	volume={25}, 
	DOI={10.1017/S0143385704000884}, 
	number={4}, 
	journal={Ergodic Theory and Dynamical Systems}, 
	publisher={Cambridge University Press}, 
	author={Anatharaman-Delaroche, C.}, 
	year={2005}, 
	pages={977-1013}
}

@misc{gardella:17,
    title={The complexity of conjugacy, orbit equivalence, and von Neumann equivalence of actions of nonamenable groups}, 
    author={Eusebio Gardella and Martino Lupini},
    year={2017},
    eprint={1708.01327},
    archivePrefix={arXiv},
    primaryClass={math.DS}
}


@article{kida:17,
	title={Splitting in orbit equivalence, treeable groups, and the haagerup property},
	author={Kita, Y.},
	year={2017},
	journal={Hyperbolic geometry and geometric group theory},
	publisher={Math. Soc. Japan, Tokyo},
	pages={167–214}
}

@article{ps:12, 
	title={On cocycle superrigidity for Gaussian actions}, 
	volume={32}, 
	DOI={10.1017/S0143385710000751}, 
	number={1}, 
	journal={Ergodic Theory and Dynamical Systems}, 
	publisher={Cambridge University Press}, 
	author={Jesse Peterson and Thomas Sinclair},
	year={2012}, 
	pages={249–272}
}

@misc{sauer:05,
    title={$L^2$ Betti Numbers of Discrete Measured Groupoids}, 
    author={Roman Sauer},
    year={2003},
    eprint={math/0312411},
    archivePrefix={arXiv},
    primaryClass={math.AT}
}

@article{sinclair:11,
	title = {Strong solidity of group factors from lattices in $SO(n,1)$ and $SU(n,1)$},
	journal = {Journal of Functional Analysis},
	volume = {260},
	number = {11},
	pages = {3209-3221},
	year = {2011},
	issn = {0022-1236},
	doi = {https://doi.org/10.1016/j.jfa.2010.12.017},
	url = {https://www.sciencedirect.com/science/article/pii/S0022123610004891},
	author = {Thomas Sinclair},
	keywords = {Strong solidity, Lattices},
}

@misc{peterson:06,
      title={$L^2$-rigidity in von Neumann algebras}, 
      author={Jesse Peterson},
      year={2006},
      eprint={math/0605033},
      archivePrefix={arXiv},
      primaryClass={math.OA}
}



@article{chifan:13,
	doi = {10.1016/j.aim.2013.06.017},
	url = {https://doi.org/10.1016%2Fj.aim.2013.06.017},
	year = 2013,
	month = {oct},
	publisher = {Elsevier {BV}},
	volume = {245},
	pages = {208--236},
	author = {Ionut Chifan and Thomas Sinclair and Bogdan Udrea},
	title = {On the structural theory of $II_1$ factors of negatively curved groups, II: Actions by product groups},
	journal = {Advances in Mathematics}
}

@misc{chifan:12,
      title={On the structural theory of $\rm II_1$ factors of negatively curved groups}, 
      author={Ionut Chifan and Thomas Sinclair},
      year={2012},
      eprint={1103.4299},
      archivePrefix={arXiv},
      primaryClass={math.OA}
}
