@book {stanley1,
    AUTHOR = {Stanley, Richard P.},
     TITLE = {Enumerative combinatorics. {V}olume 1},
    SERIES = {Cambridge Studies in Advanced Mathematics},
    VOLUME = {49},
   EDITION = {Second},
 PUBLISHER = {Cambridge University Press, Cambridge},
      YEAR = {2012},
     PAGES = {xiv+626},
      ISBN = {978-1-107-60262-5},
   MRCLASS = {05-02 (05A15 06-02)},
  MRNUMBER = {2868112},
}


@book {stanley2,
    AUTHOR = {Stanley, Richard P.},
     TITLE = {Enumerative combinatorics. {V}ol. 2},
    SERIES = {Cambridge Studies in Advanced Mathematics},
    VOLUME = {208},
   EDITION = {Second},
      NOTE = {With an appendix by Sergey Fomin},
 PUBLISHER = {Cambridge University Press, Cambridge},
      YEAR = {[2024] \copyright 2024},
     PAGES = {xvi+783},
      ISBN = {978-1-009-26249-1; 978-1-009-26248-4},
   MRCLASS = {05-02 (05A15 05E05 05E10)},
  MRNUMBER = {4621625},
    ANNOTE = {For {V}olume {I} see [2868112\endremfr]},
}

