@incollection {kai:05,
    AUTHOR = {Kaimanovich, Vadim A.},
     TITLE = {Amenability and the {L}iouville property},
      NOTE = {Probability in mathematics},
   JOURNAL = {Israel J. Math.},
  FJOURNAL = {Israel Journal of Mathematics},
    VOLUME = {149},
      YEAR = {2005},
     PAGES = {45--85},
      ISSN = {0021-2172,1565-8511},
   MRCLASS = {43A07 (20L05 28D15 37A15)},
  MRNUMBER = {2191210},
MRREVIEWER = {M\u{a}d\u{a}lina\ Roxana\ Buneci},
       DOI = {10.1007/BF02772536},
       URL = {https://doi.org/10.1007/BF02772536},
}

@article {dp:22,
    AUTHOR = {Das, Sayan and Peterson, Jesse},
     TITLE = {Poisson boundaries of II1 factors},
   JOURNAL = {Compos. Math.},
  FJOURNAL = {Compositio Mathematica},
    VOLUME = {158},
      YEAR = {2022},
    NUMBER = {8},
     PAGES = {1746--1776},
      ISSN = {0010-437X,1570-5846},
   MRCLASS = {46L10 (46L55)},
  MRNUMBER = {4493239},
MRREVIEWER = {Jorge\ Castillejos},
       DOI = {10.1112/S0010437X22007539},
       URL = {https://doi.org/10.1112/S0010437X22007539},
}


@misc{sartini:24,
      title={Boundaries and equivariant maps for ergodic groupoids}, 
      author={Filippo Sarti and Alessio Savini},
      year={2024},
      eprint={2402.15355},
      archivePrefix={arXiv},
      primaryClass={math.DS}
}
