@article{deephedge,
  title={Deep hedging},
  author={Buehler, Hans and Gonon, Lukas and Teichmann, Josef and Wood, Ben},
  journal={Quantitative Finance},
  volume={19},
  number={8},
  pages={1271--1291},
  year={2019},
  publisher={Taylor \& Francis}
}

@misc{pfhedge,
  author = {Hirano, Masanori},
  title = {pfhedge},
  year = {2023},
  publisher = {GitHub},
  journal = {GitHub repository},
  howpublished = {https://github.com/pfnet-research/pfhedge},
}
