

@article {ipv:10,
    AUTHOR = {Ioana, Adrian and Popa, Sorin and Vaes, Stefaan},
     TITLE = {A class of superrigid group von {N}eumann algebras},
   JOURNAL = {Ann. of Math. (2)},
  FJOURNAL = {Annals of Mathematics. Second Series},
    VOLUME = {178},
      YEAR = {2013},
    NUMBER = {1},
     PAGES = {231--286},
}

@book {dix:81,
    AUTHOR = {Dixmier, Jacques},
     TITLE = {von {N}eumann algebras},
    SERIES = {North-Holland Mathematical Library},
    VOLUME = {27},
 PUBLISHER = {North-Holland Publishing Co., Amsterdam-New York},
      YEAR = {1981},
     PAGES = {xxxviii+437},
}




@misc{factor,
      title={Factoriality of groupoid von Neumann algebras}, 
      author={Tey Berendschot and Soham Chakraborty and Milan Donvil and Se-Jin Kim},
      year={2024},
      eprint={2402.04449},
      archivePrefix={arXiv},
      primaryClass={math.OA},
      url={https://arxiv.org/abs/2402.04449}, 
}


@misc{borelequivnotes,
  url = {https://www.math.cmu.edu/~eschimme/Appalachian/ThomasNotes.pdf},
  author = {Thomas, Simon and Schneider, Scott},
  title = {Countable Borel Equivalence Relations},
  year = {2007}
}

@article{hoff:16,
  AUTHOR = {Hoff, Daniel J.},
     TITLE = {Von {N}eumann algebras of equivalence relations with
              nontrivial one-cohomology},
   JOURNAL = {J. Funct. Anal.},
  FJOURNAL = {Journal of Functional Analysis},
    VOLUME = {270},
      YEAR = {2016},
    NUMBER = {4},
     PAGES = {1501--1536},
      %issn = {0022-1236},
   MRCLASS = {46L10},
  MRNUMBER = {3447718},
MRREVIEWER = {Mart\'{\i}n Argerami},
       %doi = {10.1016/j.jfa.2015.10.006},
}

@article{dSHH:21,
title={Maximal rigid subalgebras of deformations and $L^2$-cohomology},
  author={{de Santiago}, Rolando and Hayes, Ben and Hoff, Daniel J and Sinclair, Thomas},
	%doi = {10.2140/apde.2021.14.2269},
	year = 2021,
	publisher = {Mathematical Sciences Publishers},
	volume = {14},
	number = {7},
	pages = {2269--2306},
	journal={Analysis \& PDE},
}

@article{lupini:18,
	AUTHOR = {Lupini, Martino},
     TITLE = {A von {N}eumann algebra characterization of property ({T}) for
              groupoids},
   JOURNAL = {J. Aust. Math. Soc.},
  FJOURNAL = {Journal of the Australian Mathematical Society},
    VOLUME = {108},
      YEAR = {2020},
    NUMBER = {3},
     PAGES = {363--386},
      %issn = {1446-7887},
   MRCLASS = {20L05 (37A15 46L10)},
  MRNUMBER = {4092871},
       %doi = {10.1017/s144678871800040x},
}

@book{anatharaman:amenableGrpds,
	title={Amenable Groupoids},
	author={Anantharaman-Delaroche, C. and Renault, J.},
  	isbn={9782940264018},
  	series={LEnseignment mathematique},
  	year={2000},
  	publisher={LEnseignement Mathematique}
}


@article{anatharaman:05,
	title={Cohomology of property T groupoids and applications}, 
	volume={25}, 
	%doi={10.1017/S0143385704000884}, 
	number={4}, 
	journal={Ergodic Theory and Dynamical Systems}, 
	publisher={Cambridge University Press}, 
	author={Anatharaman-Delaroche, C.}, 
	year={2005}, 
	pages={977-1013}
}

@misc{gardella:17,
    title={The complexity of conjugacy, orbit equivalence, and von Neumann equivalence of actions of nonamenable groups}, 
    author={Eusebio Gardella and Martino Lupini},
    year={2017},
    eprint={1708.01327},
    archivePrefix={arXiv},
    primaryClass={math.DS}
}


@article{kida:17,
	AUTHOR = {Kida, Yoshikata},
     TITLE = {Splitting in orbit equivalence, treeable groups, and the
              {H}aagerup property},
 BOOKTITLE = {Hyperbolic geometry and geometric group theory},
    SERIES = {Adv. Stud. Pure Math.},
    VOLUME = {73},
     PAGES = {167--214},
 PUBLISHER = {Math. Soc. Japan, Tokyo},
      YEAR = {2017},
   MRCLASS = {20J06 (03E15 20E06 28D05 37A17)},
  MRNUMBER = {3728498},
MRREVIEWER = {Rafael Oswaldo Ruggiero},
       %doi = {10.2969/aspm/07310167},
}

@article{ps:12, 
	title={On cocycle superrigidity for Gaussian actions}, 
	volume={32}, 
	%doi={10.1017/S0143385710000751}, 
	number={1}, 
	journal={Ergodic Theory and Dynamical Systems}, 
	publisher={Cambridge University Press}, 
	author={Jesse Peterson and Thomas Sinclair},
	year={2012}, 
	pages={249â€“272}
}

@article{sauer:05,
    AUTHOR = {Sauer, Roman},
     TITLE = {{$L^2$}-{B}etti numbers of discrete measured groupoids},
   JOURNAL = {Internat. J. Algebra Comput.},
  FJOURNAL = {International Journal of Algebra and Computation},
    VOLUME = {15},
      YEAR = {2005},
    NUMBER = {5-6},
     PAGES = {1169--1188},
      %issn = {0218-1967},
   MRCLASS = {46L85 (37A20)},
  MRNUMBER = {2197826},
MRREVIEWER = {Claire Anantharaman-Delaroche},
       %doi = {10.1142/S0218196705002748},
}

@article{sinclair:11,
	title = {Strong solidity of group factors from lattices in $SO(n,1)$ and $SU(n,1)$},
	journal = {Journal of Functional Analysis},
	volume = {260},
	number = {11},
	pages = {3209-3221},
	year = {2011},
	%issn = {0022-1236},
	%doi = {https://doi.org/10.1016/j.jfa.2010.12.017},
	author = {Thomas Sinclair},
	keywords = {Strong solidity, Lattices},
}

@article{peterson:06,
      AUTHOR = {Peterson, Jesse},
     TITLE = {{$L^2$}-rigidity in von {N}eumann algebras},
   JOURNAL = {Invent. Math.},
  FJOURNAL = {Inventiones Mathematicae},
    VOLUME = {175},
      YEAR = {2009},
    NUMBER = {2},
     PAGES = {417--433},
      %issn = {0020-9910},
   MRCLASS = {46L10 (46L54 46L55 46L57)},
  MRNUMBER = {2470111},
MRREVIEWER = {Narutaka Ozawa},
       %doi = {10.1007/s00222-008-0154-6},
}



@article{chifan:13,
	AUTHOR = {Chifan, Ionut and Sinclair, Thomas},
     TITLE = {On the structural theory of {${\rm II}_1$} factors of
              negatively curved groups},
   JOURNAL = {Ann. Sci. \'{E}c. Norm. Sup\'{e}r. (4)},
  FJOURNAL = {Annales Scientifiques de l'\'{E}cole Normale Sup\'{e}rieure. Quatri\`eme
              S\'{e}rie},
    VOLUME = {46},
      YEAR = {2013},
    NUMBER = {1},
     PAGES = {1--33 (2013)},
      %issn = {0012-9593},
   MRCLASS = {46L10 (20F67 46L36 46L55)},
  MRNUMBER = {3087388},
MRREVIEWER = {Tim de Laat},
       %doi = {10.24033/asens.2183},
}


@book {Tbook,
    AUTHOR = {Bekka, Bachir and de la Harpe, Pierre and Valette, Alain},
     TITLE = {Kazhdan's property ({T})},
    SERIES = {New Mathematical Monographs},
    VOLUME = {11},
 PUBLISHER = {Cambridge University Press, Cambridge},
      YEAR = {2008},
     PAGES = {xiv+472},
      ISBN = {978-0-521-88720-5},
   MRCLASS = {22-02 (22E40 28D15 37A15 43A07 43A35)},
  MRNUMBER = {2415834},
MRREVIEWER = {Markus Neuhauser},
       %doi = {10.1017/CBO9780511542749},
}


@article {BeVa,
    AUTHOR = {Bekka, Mohammed E. B. and Valette, Alain},
     TITLE = {Group cohomology, harmonic functions and the first
              {$L^2$}-{B}etti number},
   JOURNAL = {Potential Anal.},
  FJOURNAL = {Potential Analysis. An International Journal Devoted to the
              Interactions between Potential Theory, Probability Theory,
              Geometry and Functional Analysis},
    VOLUME = {6},
      YEAR = {1997},
    NUMBER = {4},
     PAGES = {313--326},
      %issn = {0926-2601},
   MRCLASS = {20J05 (31C05 58G12)},
  MRNUMBER = {1452785},
MRREVIEWER = {William Paschke},
       %doi = {10.1023/A:1017974406074},
}



@incollection {sutherland:94,
    AUTHOR = {Sutherland, Colin E.},
     TITLE = {Borel fields of {L}ie groups and algebras},
      NOTE = {Theory of operator algebras (Japanese) (Kyoto, 1993)},
   JOURNAL = {S\={u}rikaisekikenky\={u}sho K\B{o}ky\={u}roku},
  FJOURNAL = {S\={u}rikaisekikenky\={u}sho K\B{o}ky\={u}roku},
    NUMBER = {858},
      YEAR = {1994},
     PAGES = {11--21},
   MRCLASS = {46L55 (17B99 22E60)},
  MRNUMBER = {1316458},
}



@article {bowen:18,
    AUTHOR = {Bowen, Lewis and Hoff, Daniel and Ioana, Adrian},
     TITLE = {von {N}eumann's problem and extensions of non-amenable
              equivalence relations},
   JOURNAL = {Groups Geom. Dyn.},
  FJOURNAL = {Groups, Geometry, and Dynamics},
    VOLUME = {12},
      YEAR = {2018},
    NUMBER = {2},
     PAGES = {399--448},
      %issn = {1661-7207},
   MRCLASS = {37A20 (37A15 37A55 46L36)},
  MRNUMBER = {3813200},
MRREVIEWER = {Thomas J. Sinclair},
       %doi = {10.4171/GGD/456},
}

@article {drimbe:21,
    AUTHOR = {Drimbe, Daniel},
     TITLE = {Product rigidity in von {N}eumann and {${\rm C}^*$}-algebras
              via s-malleable deformations},
   JOURNAL = {Comm. Math. Phys.},
  FJOURNAL = {Communications in Mathematical Physics},
    VOLUME = {388},
      YEAR = {2021},
    NUMBER = {1},
     PAGES = {329--349},
      %issn = {0010-3616},
   MRCLASS = {46L10 (37A55)},
  MRNUMBER = {4328056},
MRREVIEWER = {Jorge Castillejos},
       %doi = {10.1007/s00220-021-04210-y},
       
}

@article {popa:03,
    AUTHOR = {Popa, Sorin},
     TITLE = {Strong rigidity of {$\rm II_1$} factors arising from malleable
              actions of {$w$}-rigid groups. {I}},
   JOURNAL = {Invent. Math.},
  FJOURNAL = {Inventiones Mathematicae},
    VOLUME = {165},
      YEAR = {2006},
    NUMBER = {2},
     PAGES = {369--408},
      %issn = {0020-9910},
   MRCLASS = {46L10 (22D25 37A20 46L55)},
  MRNUMBER = {2231961},
MRREVIEWER = {Alain Valette},
       %doi = {10.1007/s00222-006-0501-4},
       
}


@article {FM1:77,
    AUTHOR = {Feldman, Jacob and Moore, Calvin C.},
     TITLE = {Ergodic equivalence relations, cohomology, and von {N}eumann
              algebras. {I}},
   JOURNAL = {Trans. Amer. Math. Soc.},
  FJOURNAL = {Transactions of the American Mathematical Society},
    VOLUME = {234},
      YEAR = {1977},
    NUMBER = {2},
     PAGES = {289--324},
   MRCLASS = {22D40 (28A65 46L10)},
}


@article {FM2:77,
    AUTHOR = {Feldman, Jacob and Moore, Calvin C.},
     TITLE = {Ergodic equivalence relations, cohomology, and von {N}eumann
              algebras. {II}},
   JOURNAL = {Trans. Amer. Math. Soc.},
  FJOURNAL = {Transactions of the American Mathematical Society},
    VOLUME = {234},
      YEAR = {1977},
    NUMBER = {2},
     PAGES = {325--359},
}


